2117 3470
231 125 358 202 196
612 135 725 179 nn
817 133 1568 181 *rovocnapiua

233 231 466 289 teriores
479 221 675 286 vestiti
689 222 885 287 crustis
911 228 1415 309 marmoreis'varij
1435 272 1452 302 ,
1475 224 1638 315 quod
1664 223 1925 319 duplices

236 324 492 411 porticus
510 312 709 393 habet,
729 326 786 379 &
802 314 966 406 plura
980 321 1131 381 tecta
1149 316 1343 382 hemis
1336 318 1570 411 pherica
1588 323 1737 383 testa
1756 309 1924 412 plum

237 414 319 475 bo
337 464 352 490 ‚
373 433 621 501 quorum
646 416 975 473 maximum
995 410 1338 475 sustentatur
1353 434 1608 503 quatuor
1627 412 1923 478 columnis

237 500 643 595 Pyrropoecilis
658 550 673 575 ,
693 525 945 589 quarum
965 509 1267 590 perimeret
1294 504 1471 566 habet
1493 506 1712 593 septem
1731 506 1922 595 pedes:

238 597 485 661 alterum
505 591 982 683 Hemispherium
1014 593 1359 658 sustentatur
1381 618 1631 686 quatuor
1653 596 1923 673 arcubus,

238 714 384 779 quos
404 684 654 749 fulciunt
676 708 930 777 quatuor
957 682 1249 752 columnae
1277 692 1588 753 marmoris
1612 688 1924 753 Thebaici.

240 784 336 846 Est
356 784 584 844 itemin
600 785 808 869 ’quarti
828 776 991 843 collis
1015 779 1189 847 latere
1220 779 1625 862 meridionali,
1641 778 1926 845 columna

239 898 342 966 par
359 925 375 952 ‚
397 883 453 936 &
481 869 680 936 similis
705 878 789 949 ei,
811 898 991 964 quam
1011 874 1131 939 dixi
1157 880 1216 938 in
1237 879 1566 939 Exocionio
1595 868 1773 967 paulo
1787 896 1926 937 ante

240 969 490 1030 stantem
516 988 699 1058 nuper
713 967 840 1029 trad
851 971 1048 1030 ustam
1066 977 1126 1049 in
1140 964 1445 1031 Basilicam
1474 975 1650 1057 Regis
1667 966 1925 1031 Soleima

241 1059 528 1124 ni.Habet
544 1066 603 1122 in
619 1057 738 1123 basi
760 1059 1044 1124 circulum
1061 1058 1229 1123 illum
1248 1056 1597 1138 laureatum,
1613 1059 1926 1134 radiatum,

244 1150 691 1216 similitudinem
706 1159 895 1216 crucis
911 1152 1178 1217 labaricae
1192 1176 1515 1244 gerentem,
1531 1151 1712 1243 qualis
1732 1157 1790 1214 in
1810 1156 1928 1213 Xe-

245 1243 479 1335 rolophi
496 1241 772 1327 columna
791 1244 1066 1332 cochlide
1086 1246 1322 1328 Arcadij
1339 1245 1691 1310 videtur.Ad
1709 1243 1929 1308 radices

247 1344 439 1428 quinti
456 1335 620 1400 collis
637 1337 714 1400 est
742 1335 952 1430 duplex
969 1362 1163 1402 murus
1188 1345 1337 1401 intra
1354 1339 1407 1400 se
1426 1337 1701 1401 claudens
1725 1342 1930 1402 vicum

245 1434 764 1519 domorum‚quem
782 1453 938 1494 nunc
954 1426 1136 1521 vulgo
1158 1430 1451 1522 appellant
1468 1428 1753 1495 Phanariu
1766 1453 1845 1504 m,
1861 1452 1930 1490 ex

245 1521 653 1611 eo‚'quod·vna
673 1526 845 1586 nod’te'
859 1523 936 1585 ad
962 1522 1258 1585 lucernam
1274 1522 1636 1586 constructus
1653 1519 1822 1585 fuerit
1843 1529 1929 1583 in-

244 1621 428 1682 stante
445 1613 772 1679 obsidione.
792 1614 913 1680 Vbi
928 1640 995 1678 ex
1013 1613 1305 1701 Dionyfio
1327 1613 1576 1676 arbitror
1599 1610 1755 1676 fuisse
1774 1610 1931 1688 loesi,

245 1716 347 1800 qui
368 1706 744 1800 Mellacopsas
767 1705 1200 1800 appellabatur,
1217 1731 1317 1770 cut
1346 1713 1426 1770 ita
1442 1702 1841 1796 ‘appellaretur
1863 1729 1930 1766 o-

199 1859 201 1861 .
248 1802 437 1872 stendi
461 1807 526 1865 in.
546 1804 895 1894 Bosporan
913 1799 1080 1864 dorso
1095 1806 1286 1887 quinti
1306 1797 1472 1863 collis
1489 1826 1510 1861 c
1523 1800 1567 1861 st
1584 1797 1730 1864 aedes
1748 1803 1933 1885 Regis

248 1894 424 1959 Selini
440 1920 571 1957 cum
591 1891 994 1958 Xenodochio
1008 1943 1025 1970 ,
1039 1891 1273 1983 eiusque
1288 1890 1622 1986 sepulchro:
1641 1889 1724 1953 ibi
1749 1897 1930 1954 etiam

247 2012 429 2080 prope
443 1988 522 2050 est
540 1986 784 2050 cisterna
803 1992 1009 2076 ingens
1026 1992 1086 2050 in
1102 2008 1337 2079 pratum
1356 1984 1631 2049 conuersa
1644 2031 1662 2059 ,
1679 1982 1929 2074 spoliata

251 2079 543 2145 columnis
561 2090 617 2144 &
634 2084 890 2145 cameris,

523 2235 774 2320 De‘st’xto
791 2229 923 2298 colle,
940 2244 1006 2293 (φ
1025 2223 1421 2320 decimaquarta
1436 2230 1650 2316 regione.

816 2351 852 2391 c
890 2352 927 2392 A
970 2351 999 2390 P
1038 2342 1149 2392 v'T
1250 2352 1265 2389 1
1301 2351 1314 2389 1
1347 2351 1384 2390 1.

304 2525 312 2533 ³
521 2469 558 2511 R
581 2469 610 2507 Β
632 2470 648 2506 1
671 2469 695 2507 s
733 2447 1038 2540 descriptio
1056 2451 1389 2534 regionum,
1406 2444 1583 2508 tradit
1600 2445 1931 2511 decimam-

258 2573 324 2637 3
426 2550 428 2554 ’
459 2540 469 2554 “
524 2566 791 2636 quartam
813 2547 1115 2631 regionem
1137 2536 1271 2600 licet
1289 2543 1348 2599 in
1365 2537 1517 2602 vrbis
1538 2561 1699 2629 parte
1724 2564 1932 2603 nume-

374 2639 383 2647 *
526 2660 673 2701 retur
689 2686 706 2712 ,
723 2639 880 2698 tarne
898 2640 1033 2724 quia
1051 2630 1238 2724 spatio
1257 2633 1560 2693 interieeto
1577 2631 1758 2693 diuisa
1778 2633 1931 2706 effer,

261 2752 430 2793 muro
449 2735 685 2822 proprio
701 2724 977 2800 vallatam
999 2724 1228 2789 alterius
1255 2723 1452 2813 quoda
1471 2723 1655 2785 modo
1682 2721 1930 2811 speciem

262 2825 510 2885 ciuitatis
523 2822 800 2899 ostedere,
814 2819 916 2884 esse
936 2818 1072 2883 vero
1089 2813 1386 2909 progreffis
1402 2814 1438 2878 εἶ
1448 2836 1609 2907 porta
1628 2813 1934 2877 modicum

261 2908 362 2973 situ
390 2913 883 3004 planam,dextro
912 2936 1107 2978 autem
1133 2909 1307 2974 latere
1333 2915 1396 2972 in
1424 2906 1642 2971 cliuum
1665 2907 1935 2995 surgente

1759 2996 1938 3090 Vsque
